<?xml version="1.0" encoding="UTF-8"?><collection xmlns="http://www.loc.gov/MARC21/slim"><record><leader>00549nam--2200157-i-4500</leader><controlfield tag="001">000008434</controlfield><controlfield tag="002">20161230</controlfield><controlfield tag="005">20170208124924</controlfield><controlfield tag="008">060222s1000------------r-----000-0-eng-d</controlfield><datafield ind1=" " ind2=" " tag="100"><subfield code="a">Cavadia, C. I</subfield></datafield><datafield ind1=" " ind2=" " tag="245"><subfield code="a">Le langage sprint pour l evaluation dynamique des formules mathematiques par dialogue direct avec un ordinateur</subfield></datafield><datafield ind1=" " ind2=" " tag="260"><subfield code="a">Saclay</subfield><subfield code="b">Commissariat A L Energie Atomique, Dep Artement De Calcul Electronique</subfield><subfield code="c">1968</subfield></datafield><datafield ind1=" " ind2=" " tag="300"><subfield code="a">8 p. + 4 p.Anexe</subfield></datafield><datafield ind1=" " ind2=" " tag="490"><subfield code="a">Raport D.C.Csaclay, Nr.318-1</subfield></datafield><datafield ind1=" " ind2=" " tag="852"><subfield code="a">681.3.06</subfield></datafield><datafield ind1=" " ind2=" " tag="CAT"><subfield code="a">SYS</subfield><subfield code="c">20170208</subfield><subfield code="h">124924</subfield></datafield></record></collection>